%YAML 1.1
%TAG !u! tag:unity3d.com,2011:
--- !u!1 &100000
GameObject:
  m_ObjectHideFlags: 0
  m_PrefabParentObject: {fileID: 0}
  m_PrefabInternal: {fileID: 100100000}
  serializedVersion: 5
  m_Component:
  - component: {fileID: 400000}
  - component: {fileID: 11400002}
  - component: {fileID: 11400000}
  m_Layer: 0
  m_Name: Sharp
  m_TagString: Untagged
  m_Icon: {fileID: 0}
  m_NavMeshLayer: 0
  m_StaticEditorFlags: 0
  m_IsActive: 1
--- !u!4 &400000
Transform:
  m_ObjectHideFlags: 1
  m_PrefabParentObject: {fileID: 0}
  m_PrefabInternal: {fileID: 100100000}
  m_GameObject: {fileID: 100000}
  m_LocalRotation: {x: 0, y: 0, z: 0, w: 1}
  m_LocalPosition: {x: 1.1377993, y: 0.5, z: -5.2496414}
  m_LocalScale: {x: 1, y: 1, z: 1}
  m_Children: []
  m_Father: {fileID: 0}
  m_RootOrder: 0
  m_LocalEulerAnglesHint: {x: 0, y: 0, z: 0}
--- !u!114 &11400000
MonoBehaviour:
  m_ObjectHideFlags: 1
  m_PrefabParentObject: {fileID: 0}
  m_PrefabInternal: {fileID: 100100000}
  m_GameObject: {fileID: 100000}
  m_Enabled: 1
  m_EditorHideFlags: 0
  m_Script: {fileID: 11500000, guid: c8ef7ae9d80ebf144833bade7fdd1e91, type: 3}
  m_Name: 
  m_EditorClassIdentifier: 
  hpRestore: 0
  variance: 30
  Popup: {fileID: 400000, guid: 0e6c8c783468a3c4d878982e8c8be637, type: 2}
  buffs: 5
  statusAmount: 30
  statusDuration: 50
  shooterTag: Player
  hitEffect: {fileID: 100000, guid: 2eb16ac8b820ca0458c2f0b374e649a9, type: 2}
--- !u!114 &11400002
MonoBehaviour:
  m_ObjectHideFlags: 1
  m_PrefabParentObject: {fileID: 0}
  m_PrefabInternal: {fileID: 100100000}
  m_GameObject: {fileID: 100000}
  m_Enabled: 1
  m_EditorHideFlags: 0
  m_Script: {fileID: 11500000, guid: 3d5d41284966dde4c854518aa1b93247, type: 3}
  m_Name: 
  m_EditorClassIdentifier: 
  damage: 10
  damageMax: 20
  totalDamage: 0
  variance: 15
  shooterTag: Player
  shooter: {fileID: 0}
  Popup: {fileID: 400000, guid: 0e6c8c783468a3c4d878982e8c8be637, type: 2}
  hitEffect: {fileID: 100000, guid: 2eb16ac8b820ca0458c2f0b374e649a9, type: 2}
  flinch: 0
  penetrate: 0
  ignoreGuard: 0
  AttackType: 0
  element: 0
  bombHitSetting:
    enable: 0
    bombEffect: {fileID: 0}
    bombRadius: 20
--- !u!1001 &100100000
Prefab:
  m_ObjectHideFlags: 1
  serializedVersion: 2
  m_Modification:
    m_TransformParent: {fileID: 0}
    m_Modifications: []
    m_RemovedComponents: []
  m_ParentPrefab: {fileID: 0}
  m_RootGameObject: {fileID: 100000}
  m_IsPrefabParent: 1
