%YAML 1.1
%TAG !u! tag:unity3d.com,2011:
--- !u!1001 &100100000
Prefab:
  m_ObjectHideFlags: 1
  serializedVersion: 2
  m_Modification:
    m_TransformParent: {fileID: 0}
    m_Modifications: []
    m_RemovedComponents: []
  m_ParentPrefab: {fileID: 0}
  m_RootGameObject: {fileID: 1511343568785532}
  m_IsPrefabParent: 1
--- !u!1 &1511343568785532
GameObject:
  m_ObjectHideFlags: 0
  m_PrefabParentObject: {fileID: 0}
  m_PrefabInternal: {fileID: 100100000}
  serializedVersion: 5
  m_Component:
  - component: {fileID: 4563148402830822}
  - component: {fileID: 114270195895045952}
  - component: {fileID: 114732882536297644}
  - component: {fileID: 114075785256995528}
  - component: {fileID: 114165649748363108}
  m_Layer: 0
  m_Name: Rebindable Manager
  m_TagString: Untagged
  m_Icon: {fileID: 0}
  m_NavMeshLayer: 0
  m_StaticEditorFlags: 0
  m_IsActive: 1
--- !u!4 &4563148402830822
Transform:
  m_ObjectHideFlags: 1
  m_PrefabParentObject: {fileID: 0}
  m_PrefabInternal: {fileID: 100100000}
  m_GameObject: {fileID: 1511343568785532}
  m_LocalRotation: {x: 0, y: 0, z: 0, w: 1}
  m_LocalPosition: {x: 0, y: 0, z: 0}
  m_LocalScale: {x: 1, y: 1, z: 1}
  m_Children: []
  m_Father: {fileID: 0}
  m_RootOrder: 0
  m_LocalEulerAnglesHint: {x: 0, y: 0, z: 0}
--- !u!114 &114075785256995528
MonoBehaviour:
  m_ObjectHideFlags: 1
  m_PrefabParentObject: {fileID: 0}
  m_PrefabInternal: {fileID: 100100000}
  m_GameObject: {fileID: 1511343568785532}
  m_Enabled: 1
  m_EditorHideFlags: 0
  m_Script: {fileID: 11500000, guid: 92805cc9d91d7ea42bdc9f861b0386bf, type: 3}
  m_Name: 
  m_EditorClassIdentifier: 
--- !u!114 &114165649748363108
MonoBehaviour:
  m_ObjectHideFlags: 1
  m_PrefabParentObject: {fileID: 0}
  m_PrefabInternal: {fileID: 100100000}
  m_GameObject: {fileID: 1511343568785532}
  m_Enabled: 1
  m_EditorHideFlags: 0
  m_Script: {fileID: 11500000, guid: d29c3055cd5591a40a316a83128634e1, type: 3}
  m_Name: 
  m_EditorClassIdentifier: 
  doWindow0: 0
  doWindow1: 0
  doWindow2: 0
  doWindow3: 0
  doWindow4: 0
  mySkin: {fileID: 11400000, guid: 7953503d9e83f8d469b84619849edd4e, type: 2}
--- !u!114 &114270195895045952
MonoBehaviour:
  m_ObjectHideFlags: 1
  m_PrefabParentObject: {fileID: 0}
  m_PrefabInternal: {fileID: 100100000}
  m_GameObject: {fileID: 1511343568785532}
  m_Enabled: 1
  m_EditorHideFlags: 0
  m_Script: {fileID: 11500000, guid: 516a82fd18676c242ada027fbaa6b80e, type: 3}
  m_Name: 
  m_EditorClassIdentifier: 
  defaultRebindableKeys:
  - inputName: Jump
    input: 32
  - inputName: ActionMain
    input: 323
  - inputName: ActionSpecjal
    input: 324
  - inputName: Interact
    input: 101
  - inputName: Run
    input: 304
  - inputName: Charakter
    input: 99
  - inputName: SkillMenu
    input: 107
  - inputName: QuestMenu
    input: 113
  - inputName: MiniMap
    input: 109
  - inputName: Aim
    input: 112
  - inputName: Skill1
    input: 49
  - inputName: Skill2
    input: 50
  - inputName: Skill3
    input: 51
  - inputName: Inventory
    input: 105
  defaultRebindableAxes:
  - axisName: Vertical
    axisPosName: Forward
    axisNegName: Backward
    axisPos: 119
    axisNeg: 115
  - axisName: Horizontal
    axisPosName: Right
    axisNegName: Left
    axisPos: 100
    axisNeg: 97
--- !u!114 &114732882536297644
MonoBehaviour:
  m_ObjectHideFlags: 1
  m_PrefabParentObject: {fileID: 0}
  m_PrefabInternal: {fileID: 100100000}
  m_GameObject: {fileID: 1511343568785532}
  m_Enabled: 1
  m_EditorHideFlags: 0
  m_Script: {fileID: 11500000, guid: cffbbe23c050b1f4b9db1fa3f2ba9938, type: 3}
  m_Name: 
  m_EditorClassIdentifier: 
